@article{DBLP:journals/corr/ChenDHSSA16,
  author    = {Xi Chen and
               Yan Duan and
               Rein Houthooft and
               John Schulman and
               Ilya Sutskever and
               Pieter Abbeel},
  title     = {InfoGAN: Interpretable Representation Learning by Information Maximizing
               Generative Adversarial Nets},
  journal   = {CoRR},
  volume    = {abs/1606.03657},
  year      = {2016},
  url       = {http://arxiv.org/abs/1606.03657},
  archivePrefix = {arXiv},
  eprint    = {1606.03657},
  timestamp = {Wed, 07 Jun 2017 14:43:14 +0200},
  biburl    = {http://dblp.org/rec/bib/journals/corr/ChenDHSSA16},
  bibsource = {dblp computer science bibliography, http://dblp.org}
}