% Reference for InfoGAN
@article{infoGAN,
  author    = {Xi Chen and
               Yan Duan and
               Rein Houthooft and
               John Schulman and
               Ilya Sutskever and
               Pieter Abbeel},
  title     = {InfoGAN: Interpretable Representation Learning by Information Maximizing
               Generative Adversarial Nets},
  journal   = {CoRR},
  volume    = {abs/1606.03657},
  year      = {2016},
  url       = {http://arxiv.org/abs/1606.03657},
  archivePrefix = {arXiv},
  eprint    = {1606.03657},
  timestamp = {Wed, 07 Jun 2017 14:43:14 +0200},
  biburl    = {http://dblp.org/rec/bib/journals/corr/ChenDHSSA16},
  bibsource = {dblp computer science bibliography, http://dblp.org}
}

% Reference for GAN
@article{GAN,
  author    = {Ian Goodfellow and
               Jean Pourget-Abadie and
               Mehdi Mirza and
               Bing Xu and
               David Ward-Farley and
               Sherjil Ozair and
               Aaron Courville and
               Yoshue Bengio},
  title     = {Generative Adversarial Networks},
  journal   = {CoRR},
  volume    = {abs/1406.2661},
  year      = {2014},
  url       = {https://arxiv.org/abs/1406.2661},
  archivePrefix = {arXiv},
  eprint    = {1406.2611}
}

% Reference for CGAN
@article{CGAN,
  author    = {Mehdi Mirza and
               Simon Osindero},
  title     = {Conditional Generative Adversarial Nets},
  journal   = {CoRR},
  volume    = {abs/1411.1784},
  year      = {2014},
  url       = {http://arxiv.org/abs/1411.1784},
  archivePrefix = {arXiv},
  eprint    = {1411.1784},
  timestamp = {Wed, 07 Jun 2017 14:40:37 +0200},
  biburl    = {http://dblp.org/rec/bib/journals/corr/MirzaO14},
  bibsource = {dblp computer science bibliography, http://dblp.org}
}

% Reference for art paper
@article{art,
  author    = {Leon A. Gatys and
               Alexander S. Ecker and
               Matthias Bethge},
  title     = {A Neural Algorithm of Artistic Style},
  journal   = {CoRR},
  volume    = {abs/1508.06576},
  year      = {2015},
  url       = {http://arxiv.org/abs/1508.06576},
  archivePrefix = {arXiv},
  eprint    = {1508.06576},
  timestamp = {Wed, 07 Jun 2017 14:41:58 +0200},
  biburl    = {http://dblp.org/rec/bib/journals/corr/GatysEB15a},
  bibsource = {dblp computer science bibliography, http://dblp.org}
}

% Reference for Face Recognition Paper
@article{faceRecog,
    author = {Pawan Sinha},
    journal = {Proceedings of the IEEE},
    title = {Face recognition by humans: Nineteen results all computer vision researchers should know about},
    booktitle = {Proceedings of the IEEE},
    year = {2006},
    pages = {1948--1962}
}